@article{Adams2002,
author = {Adams, M. L. and Larsen, E. W.},
doi = {10.1016/S0149-1970(01)00023-3},
file = {:Users/nuceraccoon/Documents/Research/Articles/DenovoResearch/Adams\_Sn\_ItMethods\_Survey.pdf:pdf},
issn = {01491970},
journal = {Progress in Nuclear Energy},
keywords = {acceleration,discrete ordinates,iteration,ltransport},
number = {1},
pages = {3--159},
title = {{Fast Iterative Methods for Discrete-Ordinates Particle Transport Calculations}},
url = {http://linkinghub.elsevier.com/retrieve/pii/S0149197001000233},
volume = {40},
year = {2002}
}
@article{Benzi2002,
author = {Benzi, M.},
doi = {10.1006/jcph.2002.7176},
file = {:Users/nuceraccoon/Documents/Research/Articles/Benzi\_precondTechniquesLinearSysts.pdf:pdf},
journal = {Journal of Computational Physics},
keywords = {algebraic precondi-,block algorithms,incomplete factorizations,iterative methods,linear systems,multilevel methods,orderings,parallel computing,sparse approximate inverses,sparse matrices,tioners,unstructured grids},
pages = {418--477},
title = {{Preconditioning Techniques for Large Linear Systems: A Survey}},
volume = {182},
year = {2002}
}
@misc{Evans2009d,
address = {Oak Ridge, TN},
author = {Evans, T. M. and Stafford, A. S. and Slaybaugh, R. N. and Clarno, K. T.},
file = {:Users/nuceraccoon/Documents/Research/Articles/DenovoResearch/Evans\_DenolvoScale.pdf:pdf;:Users/nuceraccoon/Library/Application Support/Mendeley Desktop/Downloaded/Evans et al. - 2009 - Denovoâ€”A New Three-Dimensional Parallel Discrete Ordinates Code in SCALE.pdf:pdf},
institution = {Oak Ridge National Lab},
keywords = {Denovo,Denovo: methods},
mendeley-tags = {Denovo: methods},
title = {{Denovo -- A New Three-Dimensional Parallel Discrete Ordinates Code in SCALE}},
year = {2009}
}
@book{LeVeque2007,
address = {Philadelphia, PA},
author = {LeVeque, R. J.},
isbn = {978-0-898716-29-0},
publisher = {SIAM},
title = {{Finite Difference Methods for Ordinary and Partial Differential Equations}},
year = {2007}
}
@book{Trefethen1997,
address = {Philadelphia, PA},
author = {Trefethen, L. N. and Bau, III, D.},
isbn = {9780898713619},
publisher = {SIAM},
title = {{Numerical Linear Algebra}},
year = {1997}
}
